@misc{Saleh_2017, 
title={Computer Graphics Fundamental: Lighting and shading},
 url={https://www.academia.edu/33137083/Computer_Graphics_Fundamental_Lighting_and_Shading}, 
 journal={Academia.edu}, 
 author={Saleh, Burhan},
  year={2017}, 
  month={May}
  }
  
@book{Peddie_2019, 
place={Cham, Switzerland},
title={Ray Tracing: A tool for all}, 
publisher={Springer}, 
author={Peddie, Jon}, 
year={2019}
} 