@misc{Bowman, title={A reasonably speedy Python ray-tracer}, url={https://www.excamera.com/sphinx/article-ray.html}, journal={A reasonably speedy Python Ray-Tracer}, author={Bowman, James}} 