@misc{Fredenslund, title={Building a Pretty Fast Path Tracer in Python from Scratch}, url={https://lunalux.io/building-a-pretty-fast-path-tracer-in-python-from-scratch/}, journal={Building a pretty fast path tracer in python from scratch}, author={Fredenslund, Luna Lux}} 