@article{article,
author = {Hashem, Ibrahim and Fadele, Alaba and Jumare, Muhammad and Osman, Ashraf and Abulfaraj, Anas},
year = {2024},
month = {01},
pages = {1-1},
title = {Adaptive Stochastic Conjugate Gradient Optimization for Backpropagation Neural Networks},
volume = {PP},
journal = {IEEE Access},
doi = {10.1109/ACCESS.2024.3370859}
}