@article{article,
author = {Murli, Almerico and D’Amore, Luisa and Laccetti, Giuliano and Gregoretti, F. and Oliva, Gennaro},
year = {2010},
month = {10},
pages = {2053 - 2072},
title = {A multi‐grained distributed implementation of the parallel Block Conjugate Gradient algorithm},
volume = {22},
journal = {Concurrency and Computation: Practice and Experience},
doi = {10.1002/cpe.1548}
}