@misc{sharma2023mahakala,
      title={Mahakala: a Python-based Modular Ray-tracing and Radiative Transfer Algorithm for Curved Space-times}, 
      author={Aniket Sharma and Lia Medeiros and Chi-kwan Chan and Goni Halevi and Patrick D. Mullen and James M. Stone and George N. Wong},
      year={2023},
      eprint={2304.03804},
      archivePrefix={arXiv},
      primaryClass={astro-ph.HE}
}