@book{Peddie_2019, 
place={Cham, Switzerland},
title={Ray Tracing: A tool for all}, 
publisher={Springer}, 
author={Peddie, Jon}, 
year={2019}} 