@article{article,
author = {Yu, Zheng},
year = {2022},
month = {12},
pages = {99-106},
title = {Ray Tracing in Computer Graphics},
volume = {24},
journal = {Highlights in Science, Engineering and Technology},
doi = {10.54097/hset.v24i.3900}
}