@misc{Ruiz, 
url={https://wp.optics.arizona.edu/optomech/wp-content/uploads/sites/53/2016/12/Tutorial_Ruiz_Maria.pdf},
 journal={Exact ray tracing in Matlab},
  author={Ruiz, Maria}
  } 