@misc{1, 
title={Computer Graphics Fundamental: Lighting and shading},
 url={https://www.academia.edu/33137083/Computer_Graphics_Fundamental_Lighting_and_Shading}, 
 journal={Academia.edu}, 
 author={Saleh, Burhan},
  year={2017}, 
  month={May}
  }
  
@book{2, 
place={Cham, Switzerland},
title={Ray Tracing: A tool for all}, 
publisher={Springer}, 
author={Peddie, Jon}, 
year={2019}
} 
 
@misc{3, 
title={Ray Tracing From Scratch in Python},
 url={https://omaraflak.medium.com/ray-tracing-from-scratch-in-python-41670e6a96f9}, 
 journal={Medium.com}, 
 author={Omar, Aflak},
  year={2020}, 
  month={July}
  }