@article{article,
author = {Vasiou, Elena and Shkurko, Konstantin and Mallett, Ian and Brunvand, Erik and Yuksel, Cem},
year = {2018},
month = {06},
pages = {},
title = {A detailed study of ray tracing performance: render time and energy cost},
volume = {34},
journal = {The Visual Computer},
doi = {10.1007/s00371-018-1532-8}
}