@misc{ray tracing from scratch in python, 
title={Ray Tracing From Scratch in Python},
 url={https://omaraflak.medium.com/ray-tracing-from-scratch-in-python-41670e6a96f9} 
 }